@article{hutchinson1996tutorial,
  title={A tutorial on visual servo control},
  author={Hutchinson, Seth and Hager, Gregory D and Corke, Peter I},
  journal={IEEE transactions on robotics and automation},
  volume={12},
  number={5},
  pages={651--670},
  year={1996},
  publisher={IEEE}
}

@article{chaumette2006visual,
  title={Visual servo control. I. Basic approaches},
  author={Chaumette, Fran{\c{c}}ois and Hutchinson, Seth},
  journal={IEEE Robotics \& Automation Magazine},
  volume={13},
  number={4},
  pages={82--90},
  year={2006},
  publisher={IEEE}
}


